@article{RN141,
   author = {DePristo, M. A. and Banks, E. and Poplin, R. and Garimella, K. V. and Maguire, J. R. and Hartl, C. and Philippakis, A. A. and del Angel, G. and Rivas, M. A. and Hanna, M. and McKenna, A. and Fennell, T. J. and Kernytsky, A. M. and Sivachenko, A. Y. and Cibulskis, K. and Gabriel, S. B. and Altshuler, D. and Daly, M. J.},
   title = {A framework for variation discovery and genotyping using next-generation DNA sequencing data},
   journal = {Nat Genet},
   volume = {43},
   number = {5},
   pages = {491-8},
   ISSN = {1546-1718 (Electronic)
1061-4036 (Linking)},
   DOI = {10.1038/ng.806},
   year = {2011},
   type = {Journal Article}
}

@article{RN623,
   author = {Decker, B. and Karyadi, D. M. and Davis, B. W. and Karlins, E. and Tillmans, L. S. and Stanford, J. L. and Thibodeau, S. N. and Ostrander, E. A.},
   title = {Biallelic BRCA2 Mutations Shape the Somatic Mutational Landscape of Aggressive Prostate Tumors},
   journal = {Am J Hum Genet},
   volume = {98},
   number = {5},
   pages = {818-829},
   ISSN = {1537-6605 (Electronic)
0002-9297 (Linking)},
   DOI = {10.1016/j.ajhg.2016.03.003},
   year = {2016},
   type = {Journal Article}
}

@article{RN5,
   author = {Rimmer, A. and Phan, H. and Mathieson, I. and Iqbal, Z. and Twigg, S. R. and Consortium, W. G. S. and Wilkie, A. O. and McVean, G. and Lunter, G.},
   title = {Integrating mapping-, assembly- and haplotype-based approaches for calling variants in clinical sequencing applications},
   journal = {Nat Genet},
   volume = {46},
   number = {8},
   pages = {912-8},
   ISSN = {1546-1718 (Electronic)
1061-4036 (Linking)},
   DOI = {10.1038/ng.3036},
   year = {2014},
   type = {Journal Article}
}

@article{RN538,
   author = {Garrison, Erik and Marth, Gabor},
   title = {Haplotype-based variant detection from short-read sequencing},
   journal = {bioRxiv},
   year = {2012},
   type = {Journal Article}
}

@article{RN619,
   author = {Poplin, R. and Chang, P. C. and Alexander, D. and Schwartz, S. and Colthurst, T. and Ku, A. and Newburger, D. and Dijamco, J. and Nguyen, N. and Afshar, P. T. and Gross, S. S. and Dorfman, L. and McLean, C. Y. and DePristo, M. A.},
   title = {A universal SNP and small-indel variant caller using deep neural networks},
   journal = {Nat Biotechnol},
   ISSN = {1546-1696 (Electronic)
1087-0156 (Linking)},
   DOI = {10.1038/nbt.4235},
   year = {2018},
   type = {Journal Article}
}

@article{RN604,
   author = {Kim, S. and Scheffler, K. and Halpern, A. L. and Bekritsky, M. A. and Noh, E. and Kallberg, M. and Chen, X. and Kim, Y. and Beyter, D. and Krusche, P. and Saunders, C. T.},
   title = {Strelka2: fast and accurate calling of germline and somatic variants},
   journal = {Nat Methods},
   ISSN = {1548-7105 (Electronic)
1548-7091 (Linking)},
   DOI = {10.1038/s41592-018-0051-x},
   year = {2018},
   type = {Journal Article}
}

@article{RN454,
   author = {Maruvka, Y. E. and Mouw, K. W. and Karlic, R. and Parasuraman, P. and Kamburov, A. and Polak, P. and Haradhvala, N. J. and Hess, J. M. and Rheinbay, E. and Brody, Y. and Koren, A. and Braunstein, L. Z. and D'Andrea, A. and Lawrence, M. S. and Bass, A. and Bernards, A. and Michor, F. and Getz, G.},
   title = {Analysis of somatic microsatellite indels identifies driver events in human tumors},
   journal = {Nat Biotechnol},
   ISSN = {1546-1696 (Electronic)
1087-0156 (Linking)},
   DOI = {10.1038/nbt.3966},
   year = {2017},
   type = {Journal Article}
}

@article{RN165,
   author = {Olson, N. D. and Lund, S. P. and Colman, R. E. and Foster, J. T. and Sahl, J. W. and Schupp, J. M. and Keim, P. and Morrow, J. B. and Salit, M. L. and Zook, J. M.},
   title = {Best practices for evaluating single nucleotide variant calling methods for microbial genomics},
   journal = {Front Genet},
   volume = {6},
   pages = {235},
   ISSN = {1664-8021 (Linking)},
   DOI = {10.3389/fgene.2015.00235},
   year = {2015},
   type = {Journal Article}
}


@article{RN331,
   author = {Hause, R. J. and Pritchard, C. C. and Shendure, J. and Salipante, S. J.},
   title = {Classification and characterization of microsatellite instability across 18 cancer types},
   journal = {Nat Med},
   volume = {22},
   number = {11},
   pages = {1342-1350},
   ISSN = {1546-170X (Electronic)
1078-8956 (Linking)},
   DOI = {10.1038/nm.4191},
   year = {2016},
   type = {Journal Article}
}

@article{RN615,
   author = {Mizuno, K. and Miyabe, I. and Schalbetter, S. A. and Carr, A. M. and Murray, J. M.},
   title = {Recombination-restarted replication makes inverted chromosome fusions at inverted repeats},
   journal = {Nature},
   volume = {493},
   number = {7431},
   pages = {246-9},
   ISSN = {1476-4687 (Electronic)
0028-0836 (Linking)},
   DOI = {10.1038/nature11676},
   year = {2013},
   type = {Journal Article}
}

@article{RN471,
   author = {Campbell, Peter J. and Getz, Gad and Stuart, Joshua M. and Korbel, Jan O. and Stein, Lincoln D.},
   title = {Pan-cancer analysis of whole genomes},
   journal = {bioRxiv},
   DOI = {10.1101/162784},
   year = {2017},
   type = {Journal Article}
}

@article{RN142,
   author = {Cibulskis, K. and Lawrence, M. S. and Carter, S. L. and Sivachenko, A. and Jaffe, D. and Sougnez, C. and Gabriel, S. and Meyerson, M. and Lander, E. S. and Getz, G.},
   title = {Sensitive detection of somatic point mutations in impure and heterogeneous cancer samples},
   journal = {Nat Biotechnol},
   volume = {31},
   number = {3},
   pages = {213-9},
   ISSN = {1546-1696 (Electronic)
1087-0156 (Linking)},
   DOI = {10.1038/nbt.2514},
   year = {2013},
   type = {Journal Article}
}

@article{RN544,
   author = {Lai, Z. and Markovets, A. and Ahdesmaki, M. and Chapman, B. and Hofmann, O. and McEwen, R. and Johnson, J. and Dougherty, B. and Barrett, J. C. and Dry, J. R.},
   title = {VarDict: a novel and versatile variant caller for next-generation sequencing in cancer research},
   journal = {Nucleic Acids Res},
   volume = {44},
   number = {11},
   pages = {e108},
   ISSN = {1362-4962 (Electronic)
0305-1048 (Linking)},
   DOI = {10.1093/nar/gkw227},
   year = {2016},
   type = {Journal Article}
}

@article{RN373,
   author = {Northcott, P. A. and Buchhalter, I. and Morrissy, A. S. and Hovestadt, V. and Weischenfeldt, J. and Ehrenberger, T. and Grobner, S. and Segura-Wang, M. and Zichner, T. and Rudneva, V. A. and Warnatz, H. J. and Sidiropoulos, N. and Phillips, A. H. and Schumacher, S. and Kleinheinz, K. and Waszak, S. M. and Erkek, S. and Jones, D. T. W. and Worst, B. C. and Kool, M. and Zapatka, M. and Jager, N. and Chavez, L. and Hutter, B. and Bieg, M. and Paramasivam, N. and Heinold, M. and Gu, Z. and Ishaque, N. and Jager-Schmidt, C. and Imbusch, C. D. and Jugold, A. and Hubschmann, D. and Risch, T. and Amstislavskiy, V. and Gonzalez, F. G. R. and Weber, U. D. and Wolf, S. and Robinson, G. W. and Zhou, X. and Wu, G. and Finkelstein, D. and Liu, Y. and Cavalli, F. M. G. and Luu, B. and Ramaswamy, V. and Wu, X. and Koster, J. and Ryzhova, M. and Cho, Y. J. and Pomeroy, S. L. and Herold-Mende, C. and Schuhmann, M. and Ebinger, M. and Liau, L. M. and Mora, J. and McLendon, R. E. and Jabado, N. and Kumabe, T. and Chuah, E. and Ma, Y. and Moore, R. A. and Mungall, A. J. and Mungall, K. L. and Thiessen, N. and Tse, K. and Wong, T. and Jones, S. J. M. and Witt, O. and Milde, T. and Von Deimling, A. and Capper, D. and Korshunov, A. and Yaspo, M. L. and Kriwacki, R. and Gajjar, A. and Zhang, J. and Beroukhim, R. and Fraenkel, E. and Korbel, J. O. and Brors, B. and Schlesner, M. and Eils, R. and Marra, M. A. and Pfister, S. M. and Taylor, M. D. and Lichter, P.},
   title = {The whole-genome landscape of medulloblastoma subtypes},
   journal = {Nature},
   volume = {547},
   number = {7663},
   pages = {311-317},
   ISSN = {1476-4687 (Electronic)
0028-0836 (Linking)},
   DOI = {10.1038/nature22973},
   year = {2017},
   type = {Journal Article}
}

@article{RN581,
   author = {Francioli, L. C. and Cretu-Stancu, M. and Garimella, K. V. and Fromer, M. and Kloosterman, W. P. and Genome of the Netherlands, consortium and Samocha, K. E. and Neale, B. M. and Daly, M. J. and Banks, E. and DePristo, M. A. and de Bakker, P. I.},
   title = {A framework for the detection of de novo mutations in family-based sequencing data},
   journal = {Eur J Hum Genet},
   volume = {25},
   number = {2},
   pages = {227-233},
   ISSN = {1476-5438 (Electronic)
1018-4813 (Linking)},
   DOI = {10.1038/ejhg.2016.147},
   year = {2017},
   type = {Journal Article}
}

@article{RN561,
   author = {Chaisson, M. J. and Raphael, B. J. and Pevzner, P. A.},
   title = {Microinversions in mammalian evolution},
   journal = {Proc Natl Acad Sci U S A},
   volume = {103},
   number = {52},
   pages = {19824-9},
   ISSN = {0027-8424 (Print)
0027-8424 (Linking)},
   DOI = {10.1073/pnas.0603984103},
   year = {2006},
   type = {Journal Article}
}

@article{RN211,
   author = {Tewhey, R. and Bansal, V. and Torkamani, A. and Topol, E. J. and Schork, N. J.},
   title = {The importance of phase information for human genomics},
   journal = {Nat Rev Genet},
   volume = {12},
   number = {3},
   pages = {215-23},
   ISSN = {1471-0064 (Electronic)
1471-0056 (Linking)},
   DOI = {10.1038/nrg2950},
   year = {2011},
   type = {Journal Article}
}

@article{RN153,
   author = {Zook, J. M. and Chapman, B. and Wang, J. and Mittelman, D. and Hofmann, O. and Hide, W. and Salit, M.},
   title = {Integrating human sequence data sets provides a resource of benchmark SNP and indel genotype calls},
   journal = {Nat Biotechnol},
   volume = {32},
   number = {3},
   pages = {246-51},
   ISSN = {1546-1696 (Electronic)
1087-0156 (Linking)},
   DOI = {10.1038/nbt.2835},
   year = {2014},
   type = {Journal Article}
}

@article{RN155,
   author = {Alioto, T. S. and Buchhalter, I. and Derdak, S. and Hutter, B. and Eldridge, M. D. and Hovig, E. and Heisler, L. E. and Beck, T. A. and Simpson, J. T. and Tonon, L. and Sertier, A. S. and Patch, A. M. and Jager, N. and Ginsbach, P. and Drews, R. and Paramasivam, N. and Kabbe, R. and Chotewutmontri, S. and Diessl, N. and Previti, C. and Schmidt, S. and Brors, B. and Feuerbach, L. and Heinold, M. and Grobner, S. and Korshunov, A. and Tarpey, P. S. and Butler, A. P. and Hinton, J. and Jones, D. and Menzies, A. and Raine, K. and Shepherd, R. and Stebbings, L. and Teague, J. W. and Ribeca, P. and Giner, F. C. and Beltran, S. and Raineri, E. and Dabad, M. and Heath, S. C. and Gut, M. and Denroche, R. E. and Harding, N. J. and Yamaguchi, T. N. and Fujimoto, A. and Nakagawa, H. and Quesada, V. and Valdes-Mas, R. and Nakken, S. and Vodak, D. and Bower, L. and Lynch, A. G. and Anderson, C. L. and Waddell, N. and Pearson, J. V. and Grimmond, S. M. and Peto, M. and Spellman, P. and He, M. and Kandoth, C. and Lee, S. and Zhang, J. and Letourneau, L. and Ma, S. and Seth, S. and Torrents, D. and Xi, L. and Wheeler, D. A. and Lopez-Otin, C. and Campo, E. and Campbell, P. J. and Boutros, P. C. and Puente, X. S. and Gerhard, D. S. and Pfister, S. M. and McPherson, J. D. and Hudson, T. J. and Schlesner, M. and Lichter, P. and Eils, R. and Jones, D. T. and Gut, I. G.},
   title = {A comprehensive assessment of somatic mutation detection in cancer using whole-genome sequencing},
   journal = {Nat Commun},
   volume = {6},
   pages = {10001},
   ISSN = {2041-1723 (Electronic)
2041-1723 (Linking)},
   DOI = {10.1038/ncomms10001},
   year = {2015},
   type = {Journal Article}
}

@article{RN147,
   author = {Ewing, A. D. and Houlahan, K. E. and Hu, Y. and Ellrott, K. and Caloian, C. and Yamaguchi, T. N. and Bare, J. C. and P'ng, C. and Waggott, D. and Sabelnykova, V. Y. and participants, Icgc-Tcga Dream Somatic Mutation Calling Challenge and Kellen, M. R. and Norman, T. C. and Haussler, D. and Friend, S. H. and Stolovitzky, G. and Margolin, A. A. and Stuart, J. M. and Boutros, P. C.},
   title = {Combining tumor genome simulation with crowdsourcing to benchmark somatic single-nucleotide-variant detection},
   journal = {Nat Methods},
   volume = {12},
   number = {7},
   pages = {623-30},
   ISSN = {1548-7105 (Electronic)
1548-7091 (Linking)},
   DOI = {10.1038/nmeth.3407},
   year = {2015},
   type = {Journal Article}
}

@article{RN156,
   author = {Nik-Zainal, S. and Davies, H. and Staaf, J. and Ramakrishna, M. and Glodzik, D. and Zou, X. and Martincorena, I. and Alexandrov, L. B. and Martin, S. and Wedge, D. C. and Van Loo, P. and Ju, Y. S. and Smid, M. and Brinkman, A. B. and Morganella, S. and Aure, M. R. and Lingjaerde, O. C. and Langerod, A. and Ringner, M. and Ahn, S. M. and Boyault, S. and Brock, J. E. and Broeks, A. and Butler, A. and Desmedt, C. and Dirix, L. and Dronov, S. and Fatima, A. and Foekens, J. A. and Gerstung, M. and Hooijer, G. K. and Jang, S. J. and Jones, D. R. and Kim, H. Y. and King, T. A. and Krishnamurthy, S. and Lee, H. J. and Lee, J. Y. and Li, Y. and McLaren, S. and Menzies, A. and Mustonen, V. and O'Meara, S. and Pauporte, I. and Pivot, X. and Purdie, C. A. and Raine, K. and Ramakrishnan, K. and Rodriguez-Gonzalez, F. G. and Romieu, G. and Sieuwerts, A. M. and Simpson, P. T. and Shepherd, R. and Stebbings, L. and Stefansson, O. A. and Teague, J. and Tommasi, S. and Treilleux, I. and Van den Eynden, G. G. and Vermeulen, P. and Vincent-Salomon, A. and Yates, L. and Caldas, C. and van't Veer, L. and Tutt, A. and Knappskog, S. and Tan, B. K. and Jonkers, J. and Borg, A. and Ueno, N. T. and Sotiriou, C. and Viari, A. and Futreal, P. A. and Campbell, P. J. and Span, P. N. and Van Laere, S. and Lakhani, S. R. and Eyfjord, J. E. and Thompson, A. M. and Birney, E. and Stunnenberg, H. G. and van de Vijver, M. J. and Martens, J. W. and Borresen-Dale, A. L. and Richardson, A. L. and Kong, G. and Thomas, G. and Stratton, M. R.},
   title = {Landscape of somatic mutations in 560 breast cancer whole-genome sequences},
   journal = {Nature},
   volume = {534},
   number = {7605},
   pages = {47-54},
   ISSN = {1476-4687 (Electronic)
0028-0836 (Linking)},
   DOI = {10.1038/nature17676},
   year = {2016},
   type = {Journal Article}
}

@article{RN157,
   author = {Veltman, J. A. and Brunner, H. G.},
   title = {De novo mutations in human genetic disease},
   journal = {Nat Rev Genet},
   volume = {13},
   number = {8},
   pages = {565-75},
   ISSN = {1471-0064 (Electronic)
1471-0056 (Linking)},
   DOI = {10.1038/nrg3241},
   year = {2012},
   type = {Journal Article}
}

@article{RN158,
   author = {Genome of the Netherlands, Consortium},
   title = {Whole-genome sequence variation, population structure and demographic history of the Dutch population},
   journal = {Nat Genet},
   volume = {46},
   number = {8},
   pages = {818-25},
   ISSN = {1546-1718 (Electronic)
1061-4036 (Linking)},
   DOI = {10.1038/ng.3021},
   year = {2014},
   type = {Journal Article}
}

@article{RN159,
   author = {Gilissen, C. and Hehir-Kwa, J. Y. and Thung, D. T. and van de Vorst, M. and van Bon, B. W. and Willemsen, M. H. and Kwint, M. and Janssen, I. M. and Hoischen, A. and Schenck, A. and Leach, R. and Klein, R. and Tearle, R. and Bo, T. and Pfundt, R. and Yntema, H. G. and de Vries, B. B. and Kleefstra, T. and Brunner, H. G. and Vissers, L. E. and Veltman, J. A.},
   title = {Genome sequencing identifies major causes of severe intellectual disability},
   journal = {Nature},
   volume = {511},
   number = {7509},
   pages = {344-7},
   ISSN = {1476-4687 (Electronic)
0028-0836 (Linking)},
   DOI = {10.1038/nature13394},
   year = {2014},
   type = {Journal Article}
}

@article{RN541,
   author = {Deciphering Developmental Disorders, Study},
   title = {Prevalence and architecture of de novo mutations in developmental disorders},
   journal = {Nature},
   volume = {542},
   number = {7642},
   pages = {433-438},
   ISSN = {1476-4687 (Electronic)
0028-0836 (Linking)},
   DOI = {10.1038/nature21062},
   year = {2017},
   type = {Journal Article}
}

@article{RN540,
   author = {Walker, T. M. and Kohl, T. A. and Omar, S. V. and Hedge, J. and Del Ojo Elias, C. and Bradley, P. and Iqbal, Z. and Feuerriegel, S. and Niehaus, K. E. and Wilson, D. J. and Clifton, D. A. and Kapatai, G. and Ip, C. L. and Bowden, R. and Drobniewski, F. A. and Allix-Beguec, C. and Gaudin, C. and Parkhill, J. and Diel, R. and Supply, P. and Crook, D. W. and Smith, E. G. and Walker, A. S. and Ismail, N. and Niemann, S. and Peto, T. E. and Modernizing Medical Microbiology Informatics, Group},
   title = {Whole-genome sequencing for prediction of Mycobacterium tuberculosis drug susceptibility and resistance: a retrospective cohort study},
   journal = {Lancet Infect Dis},
   volume = {15},
   number = {10},
   pages = {1193-202},
   ISSN = {1474-4457 (Electronic)
1473-3099 (Linking)},
   DOI = {10.1016/S1473-3099(15)00062-6},
   year = {2015},
   type = {Journal Article}
}

@article{RN3,
   author = {Besenbacher, S. and Sulem, P. and Helgason, A. and Helgason, H. and Kristjansson, H. and Jonasdottir, A. and Jonasdottir, A. and Magnusson, O. T. and Thorsteinsdottir, U. and Masson, G. and Kong, A. and Gudbjartsson, D. F. and Stefansson, K.},
   title = {Multi-nucleotide de novo Mutations in Humans},
   journal = {PLoS Genet},
   volume = {12},
   number = {11},
   pages = {e1006315},
   ISSN = {1553-7404 (Electronic)
1553-7390 (Linking)},
   DOI = {10.1371/journal.pgen.1006315},
   year = {2016},
   type = {Journal Article}
}


@article{RN160,
   author = {Xu, B. and Ionita-Laza, I. and Roos, J. L. and Boone, B. and Woodrick, S. and Sun, Y. and Levy, S. and Gogos, J. A. and Karayiorgou, M.},
   title = {De novo gene mutations highlight patterns of genetic and neural complexity in schizophrenia},
   journal = {Nat Genet},
   volume = {44},
   number = {12},
   pages = {1365-9},
   ISSN = {1546-1718 (Electronic)
1061-4036 (Linking)},
   DOI = {10.1038/ng.2446},
   year = {2012},
   type = {Journal Article}
}

@article{RN6,
   author = {Kong, A. and Frigge, M. L. and Masson, G. and Besenbacher, S. and Sulem, P. and Magnusson, G. and Gudjonsson, S. A. and Sigurdsson, A. and Jonasdottir, A. and Jonasdottir, A. and Wong, W. S. and Sigurdsson, G. and Walters, G. B. and Steinberg, S. and Helgason, H. and Thorleifsson, G. and Gudbjartsson, D. F. and Helgason, A. and Magnusson, O. T. and Thorsteinsdottir, U. and Stefansson, K.},
   title = {Rate of de novo mutations and the importance of father's age to disease risk},
   journal = {Nature},
   volume = {488},
   number = {7412},
   pages = {471-5},
   ISSN = {1476-4687 (Electronic)
0028-0836 (Linking)},
   DOI = {10.1038/nature11396},
   year = {2012},
   type = {Journal Article}
}

@article{RN169,
   author = {Cleary, John G. and Braithwaite, Ross and Gaastra, Kurt and Hilbush, Brian S and Inglis, Stuart and Irvine, Sean A and Jackson, Alan and Littin, Richard and Rathod, Mehul and Ware, David and Zook, Justin M. and Trigg, Len and De La Vega, Francisco M.},
   title = {Comparing Variant Call Files for Performance Benchmarking of Next-Generation Sequencing Variant Calling Pipelines},
   journal = {bioRxiv},
   DOI = {10.1101/023754},
   year = {2015},
   type = {Journal Article}
}

@article{RN539,
   author = {Li, Heng},
   title = {Aligning sequence reads, clone sequences and assembly contigs with BWA-MEM},
   journal = {bioRxiv},
   year = {2013},
   type = {Journal Article}
}

@article{RN602,
   author = {Dunn, Tamsen and Berry, Gwenn and Emig-Agius, Dorothea and Jiang, Yu and Lei, Serena and Iyer, Anita and Udar, Nitin and Chuang, Han-Yu and Hegarty, Jeff and Dickover, Michael and Klotzle, Brandy and Robbins, Justin and Bibikova, Marina and Peeters, Marc and Stromberg, Michael},
   title = {Pisces: An Accurate and Versatile Variant Caller for Somatic and Germline Next-Generation Sequencing Data},
   journal = {bioRxiv},
   DOI = {10.1101/291641},
   year = {2018},
   type = {Journal Article}
}

@article{RN361,
   author = {Hayward, N. K. and Wilmott, J. S. and Waddell, N. and Johansson, P. A. and Field, M. A. and Nones, K. and Patch, A. M. and Kakavand, H. and Alexandrov, L. B. and Burke, H. and Jakrot, V. and Kazakoff, S. and Holmes, O. and Leonard, C. and Sabarinathan, R. and Mularoni, L. and Wood, S. and Xu, Q. and Waddell, N. and Tembe, V. and Pupo, G. M. and De Paoli-Iseppi, R. and Vilain, R. E. and Shang, P. and Lau, L. M. S. and Dagg, R. A. and Schramm, S. J. and Pritchard, A. and Dutton-Regester, K. and Newell, F. and Fitzgerald, A. and Shang, C. A. and Grimmond, S. M. and Pickett, H. A. and Yang, J. Y. and Stretch, J. R. and Behren, A. and Kefford, R. F. and Hersey, P. and Long, G. V. and Cebon, J. and Shackleton, M. and Spillane, A. J. and Saw, R. P. M. and Lopez-Bigas, N. and Pearson, J. V. and Thompson, J. F. and Scolyer, R. A. and Mann, G. J.},
   title = {Whole-genome landscapes of major melanoma subtypes},
   journal = {Nature},
   volume = {545},
   number = {7653},
   pages = {175-180},
   ISSN = {1476-4687 (Electronic)
0028-0836 (Linking)},
   DOI = {10.1038/nature22071},
   year = {2017},
   type = {Journal Article}
}

@article{RN276,
   author = {Waddell, N. and Pajic, M. and Patch, A. M. and Chang, D. K. and Kassahn, K. S. and Bailey, P. and Johns, A. L. and Miller, D. and Nones, K. and Quek, K. and Quinn, M. C. and Robertson, A. J. and Fadlullah, M. Z. and Bruxner, T. J. and Christ, A. N. and Harliwong, I. and Idrisoglu, S. and Manning, S. and Nourse, C. and Nourbakhsh, E. and Wani, S. and Wilson, P. J. and Markham, E. and Cloonan, N. and Anderson, M. J. and Fink, J. L. and Holmes, O. and Kazakoff, S. H. and Leonard, C. and Newell, F. and Poudel, B. and Song, S. and Taylor, D. and Waddell, N. and Wood, S. and Xu, Q. and Wu, J. and Pinese, M. and Cowley, M. J. and Lee, H. C. and Jones, M. D. and Nagrial, A. M. and Humphris, J. and Chantrill, L. A. and Chin, V. and Steinmann, A. M. and Mawson, A. and Humphrey, E. S. and Colvin, E. K. and Chou, A. and Scarlett, C. J. and Pinho, A. V. and Giry-Laterriere, M. and Rooman, I. and Samra, J. S. and Kench, J. G. and Pettitt, J. A. and Merrett, N. D. and Toon, C. and Epari, K. and Nguyen, N. Q. and Barbour, A. and Zeps, N. and Jamieson, N. B. and Graham, J. S. and Niclou, S. P. and Bjerkvig, R. and Grutzmann, R. and Aust, D. and Hruban, R. H. and Maitra, A. and Iacobuzio-Donahue, C. A. and Wolfgang, C. L. and Morgan, R. A. and Lawlor, R. T. and Corbo, V. and Bassi, C. and Falconi, M. and Zamboni, G. and Tortora, G. and Tempero, M. A. and Australian Pancreatic Cancer Genome, Initiative and Gill, A. J. and Eshleman, J. R. and Pilarsky, C. and Scarpa, A. and Musgrove, E. A. and Pearson, J. V. and Biankin, A. V. and Grimmond, S. M.},
   title = {Whole genomes redefine the mutational landscape of pancreatic cancer},
   journal = {Nature},
   volume = {518},
   number = {7540},
   pages = {495-501},
   ISSN = {1476-4687 (Electronic)
0028-0836 (Linking)},
   DOI = {10.1038/nature14169},
   year = {2015},
   type = {Journal Article}
}

@article{RN514,
   author = {Jonsson, H. and Sulem, P. and Kehr, B. and Kristmundsdottir, S. and Zink, F. and Hjartarson, E. and Hardarson, M. T. and Hjorleifsson, K. E. and Eggertsson, H. P. and Gudjonsson, S. A. and Ward, L. D. and Arnadottir, G. A. and Helgason, E. A. and Helgason, H. and Gylfason, A. and Jonasdottir, A. and Jonasdottir, A. and Rafnar, T. and Frigge, M. and Stacey, S. N. and Th Magnusson, O. and Thorsteinsdottir, U. and Masson, G. and Kong, A. and Halldorsson, B. V. and Helgason, A. and Gudbjartsson, D. F. and Stefansson, K.},
   title = {Parental influence on human germline de novo mutations in 1,548 trios from Iceland},
   journal = {Nature},
   volume = {549},
   number = {7673},
   pages = {519-522},
   ISSN = {1476-4687 (Electronic)
0028-0836 (Linking)},
   DOI = {10.1038/nature24018},
   year = {2017},
   type = {Journal Article}
}

@article{RN618,
   author = {Kolb, J. and Chuzhanova, N. A. and Hogel, J. and Vasquez, K. M. and Cooper, D. N. and Bacolla, A. and Kehrer-Sawatzki, H.},
   title = {Cruciform-forming inverted repeats appear to have mediated many of the microinversions that distinguish the human and chimpanzee genomes},
   journal = {Chromosome Res},
   volume = {17},
   number = {4},
   pages = {469-83},
   ISSN = {1573-6849 (Electronic)
0967-3849 (Linking)},
   DOI = {10.1007/s10577-009-9039-9},
   year = {2009},
   type = {Journal Article}
}

@article{RN572,
   author = {Goldmann, J. M. and Seplyarskiy, V. B. and Wong, W. S. W. and Vilboux, T. and Neerincx, P. B. and Bodian, D. L. and Solomon, B. D. and Veltman, J. A. and Deeken, J. F. and Gilissen, C. and Niederhuber, J. E.},
   title = {Germline de novo mutation clusters arise during oocyte aging in genomic regions with high double-strand-break incidence},
   journal = {Nat Genet},
   ISSN = {1546-1718 (Electronic)
1061-4036 (Linking)},
   DOI = {10.1038/s41588-018-0071-6},
   url = {https://www.ncbi.nlm.nih.gov/pubmed/29507425
https://www.nature.com/articles/s41588-018-0071-6.pdf},
   year = {2018},
   type = {Journal Article}
}

@article{RN166,
   author = {Lo, Y. and Kang, H. M. and Nelson, M. R. and Othman, M. I. and Chissoe, S. L. and Ehm, M. G. and Abecasis, G. R. and Zollner, S.},
   title = {Comparing variant calling algorithms for target-exon sequencing in a large sample},
   journal = {BMC Bioinformatics},
   volume = {16},
   pages = {75},
   ISSN = {1471-2105 (Electronic)
1471-2105 (Linking)},
   DOI = {10.1186/s12859-015-0489-0},
   year = {2015},
   type = {Journal Article}
}

@MISC{Doucet11atutorial,
    author = {Arnaud Doucet and Adam M. Johansen},
    title = {A tutorial on particle filtering and smoothing: fifteen years later},
    year = {2011}
}

@article{RN86,
   author = {Alexandrov, L. B. and Nik-Zainal, S. and Wedge, D. C. and Aparicio, S. A. and Behjati, S. and Biankin, A. V. and Bignell, G. R. and Bolli, N. and Borg, A. and Borresen-Dale, A. L. and Boyault, S. and Burkhardt, B. and Butler, A. P. and Caldas, C. and Davies, H. R. and Desmedt, C. and Eils, R. and Eyfjord, J. E. and Foekens, J. A. and Greaves, M. and Hosoda, F. and Hutter, B. and Ilicic, T. and Imbeaud, S. and Imielinski, M. and Jager, N. and Jones, D. T. and Jones, D. and Knappskog, S. and Kool, M. and Lakhani, S. R. and Lopez-Otin, C. and Martin, S. and Munshi, N. C. and Nakamura, H. and Northcott, P. A. and Pajic, M. and Papaemmanuil, E. and Paradiso, A. and Pearson, J. V. and Puente, X. S. and Raine, K. and Ramakrishna, M. and Richardson, A. L. and Richter, J. and Rosenstiel, P. and Schlesner, M. and Schumacher, T. N. and Span, P. N. and Teague, J. W. and Totoki, Y. and Tutt, A. N. and Valdes-Mas, R. and van Buuren, M. M. and van 't Veer, L. and Vincent-Salomon, A. and Waddell, N. and Yates, L. R. and Australian Pancreatic Cancer Genome, Initiative and Consortium, Icgc Breast Cancer and Consortium, Icgc Mmml- Seq and PedBrain, Icgc and Zucman-Rossi, J. and Futreal, P. A. and McDermott, U. and Lichter, P. and Meyerson, M. and Grimmond, S. M. and Siebert, R. and Campo, E. and Shibata, T. and Pfister, S. M. and Campbell, P. J. and Stratton, M. R.},
   title = {Signatures of mutational processes in human cancer},
   journal = {Nature},
   volume = {500},
   number = {7463},
   pages = {415-21},
   ISSN = {1476-4687 (Electronic)
0028-0836 (Linking)},
   DOI = {10.1038/nature12477},
   year = {2013},
   type = {Journal Article}
}

@article{RN605,
   author = {Li, H. and Bloom, J. M. and Farjoun, Y. and Fleharty, M. and Gauthier, L. and Neale, B. and MacArthur, D.},
   title = {A synthetic-diploid benchmark for accurate variant-calling evaluation},
   journal = {Nat Methods},
   volume = {15},
   number = {8},
   pages = {595-597},
   ISSN = {1548-7105 (Electronic)
1548-7091 (Linking)},
   DOI = {10.1038/s41592-018-0054-7},
   year = {2018},
   type = {Journal Article}
}

@article{RN560,
   author = {He, F. and Li, Y. and Tang, Y. H. and Ma, J. and Zhu, H.},
   title = {Identifying micro-inversions using high-throughput sequencing reads},
   journal = {BMC Genomics},
   volume = {17 Suppl 1},
   pages = {4},
   ISSN = {1471-2164 (Electronic)
1471-2164 (Linking)},
   DOI = {10.1186/s12864-015-2305-7},
   year = {2016},
   type = {Journal Article}
}

@article{RN577,
   author = {Montgomery, S. B. and Goode, D. L. and Kvikstad, E. and Albers, C. A. and Zhang, Z. D. and Mu, X. J. and Ananda, G. and Howie, B. and Karczewski, K. J. and Smith, K. S. and Anaya, V. and Richardson, R. and Davis, J. and Genomes Project, Consortium and MacArthur, D. G. and Sidow, A. and Duret, L. and Gerstein, M. and Makova, K. D. and Marchini, J. and McVean, G. and Lunter, G.},
   title = {The origin, evolution, and functional impact of short insertion-deletion variants identified in 179 human genomes},
   journal = {Genome Res},
   volume = {23},
   number = {5},
   pages = {749-61},
   ISSN = {1549-5469 (Electronic)
1088-9051 (Linking)},
   DOI = {10.1101/gr.148718.112},
   year = {2013},
   type = {Journal Article}
}

@article{RN601,
   author = {Wilm, A. and Aw, P. P. and Bertrand, D. and Yeo, G. H. and Ong, S. H. and Wong, C. H. and Khor, C. C. and Petric, R. and Hibberd, M. L. and Nagarajan, N.},
   title = {LoFreq: a sequence-quality aware, ultra-sensitive variant caller for uncovering cell-population heterogeneity from high-throughput sequencing datasets},
   journal = {Nucleic Acids Res},
   volume = {40},
   number = {22},
   pages = {11189-201},
   ISSN = {1362-4962 (Electronic)
0305-1048 (Linking)},
   DOI = {10.1093/nar/gks918},
   year = {2012},
   type = {Journal Article}
}

@article{RN600,
   author = {Narzisi, Giuseppe and Corvelo, André and Arora, Kanika and Bergmann, Ewa A. and Shah, Minita and Musunuri, Rajeeva and Emde, Anne-Katrin and Robine, Nicolas and Vacic, Vladimir and Zody, Michael C.},
   title = {Genome-wide somatic variant calling using localized colored de Bruijn graphs},
   journal = {Communications Biology},
   volume = {1},
   number = {1},
   pages = {20},
   ISSN = {2399-3642},
   DOI = {10.1038/s42003-018-0023-9},
   year = {2018},
   type = {Journal Article}
}

@article{RN564,
   author = {Wright, M. N. and Ziegler, A.},
   title = {ranger: A Fast Implementation of Random Forests for High Dimensional Data in C plus plus and R},
   journal = {Journal of Statistical Software},
   volume = {77},
   number = {1},
   pages = {1-17},
   ISSN = {1548-7660},
   DOI = {10.18637/jss.v077.i01},
   year = {2017},
   type = {Journal Article}
}

@article{RN598,
   author = {Poplin, Ryan and Ruano-Rubio, Valentin and DePristo, Mark A. and Fennell, Tim J. and Carneiro, Mauricio O. and Van der Auwera, Geraldine A. and Kling, David E. and Gauthier, Laura D. and Levy-Moonshine, Ami and Roazen, David and Shakir, Khalid and Thibault, Joel and Chandran, Sheila and Whelan, Chris and Lek, Monkol and Gabriel, Stacey and Daly, Mark J. and Neale, Benjamin and MacArthur, Daniel G. and Banks, Eric},
   title = {Scaling accurate genetic variant discovery to tens of thousands of samples},
   journal = {bioRxiv},
   DOI = {10.1101/201178},
   year = {2017},
   type = {Journal Article}
}

@article{RN622,
   author = {Fu, Y. X.},
   title = {Probability of a segregating pattern in a sample of DNA sequences},
   journal = {Theor Popul Biol},
   volume = {54},
   number = {1},
   pages = {1-10},
   ISSN = {0040-5809 (Print)
0040-5809 (Linking)},
   DOI = {10.1006/tpbi.1997.1359},
   year = {1998},
   type = {Journal Article}
}

