@article{RN537,
   author = {Li, H.},
   title = {A statistical framework for SNP calling, mutation discovery, association mapping and population genetical parameter estimation from sequencing data},
   journal = {Bioinformatics},
   volume = {27},
   number = {21},
   pages = {2987-93},
   ISSN = {1367-4811 (Electronic)
1367-4803 (Linking)},
   DOI = {10.1093/bioinformatics/btr509},
   url = {https://www.ncbi.nlm.nih.gov/pubmed/21903627
https://www.ncbi.nlm.nih.gov/pmc/articles/PMC3198575/pdf/btr509.pdf},
   year = {2011},
   type = {Journal Article}
}

@article{RN138,
   author = {Li, H. and Ruan, J. and Durbin, R.},
   title = {Mapping short DNA sequencing reads and calling variants using mapping quality scores},
   journal = {Genome Res},
   volume = {18},
   number = {11},
   pages = {1851-8},
   ISSN = {1088-9051 (Print)
1088-9051 (Linking)},
   DOI = {10.1101/gr.078212.108},
   url = {https://www.ncbi.nlm.nih.gov/pubmed/18714091
http://genome.cshlp.org/content/18/11/1851.full.pdf},
   year = {2008},
   type = {Journal Article}
}

@article{RN148,
   author = {Iqbal, Z. and Caccamo, M. and Turner, I. and Flicek, P. and McVean, G.},
   title = {De novo assembly and genotyping of variants using colored de Bruijn graphs},
   journal = {Nat Genet},
   volume = {44},
   number = {2},
   pages = {226-32},
   ISSN = {1546-1718 (Electronic)
1061-4036 (Linking)},
   DOI = {10.1038/ng.1028},
   url = {https://www.ncbi.nlm.nih.gov/pubmed/22231483
http://www.nature.com/ng/journal/v44/n2/pdf/ng.1028.pdf},
   year = {2012},
   type = {Journal Article}
}

@article{RN141,
   author = {DePristo, M. A. and Banks, E. and Poplin, R. and Garimella, K. V. and Maguire, J. R. and Hartl, C. and Philippakis, A. A. and del Angel, G. and Rivas, M. A. and Hanna, M. and McKenna, A. and Fennell, T. J. and Kernytsky, A. M. and Sivachenko, A. Y. and Cibulskis, K. and Gabriel, S. B. and Altshuler, D. and Daly, M. J.},
   title = {A framework for variation discovery and genotyping using next-generation DNA sequencing data},
   journal = {Nat Genet},
   volume = {43},
   number = {5},
   pages = {491-8},
   ISSN = {1546-1718 (Electronic)
1061-4036 (Linking)},
   DOI = {10.1038/ng.806},
   url = {https://www.ncbi.nlm.nih.gov/pubmed/21478889
http://www.nature.com/ng/journal/v43/n5/pdf/ng.806.pdf},
   year = {2011},
   type = {Journal Article}
}

@article{RN5,
   author = {Rimmer, A. and Phan, H. and Mathieson, I. and Iqbal, Z. and Twigg, S. R. and Consortium, W. G. S. and Wilkie, A. O. and McVean, G. and Lunter, G.},
   title = {Integrating mapping-, assembly- and haplotype-based approaches for calling variants in clinical sequencing applications},
   journal = {Nat Genet},
   volume = {46},
   number = {8},
   pages = {912-8},
   ISSN = {1546-1718 (Electronic)
1061-4036 (Linking)},
   DOI = {10.1038/ng.3036},
   url = {https://www.ncbi.nlm.nih.gov/pubmed/25017105
http://www.nature.com/ng/journal/v46/n8/pdf/ng.3036.pdf},
   year = {2014},
   type = {Journal Article}
}

@article{RN538,
   author = {Garrison, Erik and Marth, Gabor},
   title = {Haplotype-based variant detection from short-read sequencing},
   journal = {bioRxiv},
   year = {2012},
   type = {Journal Article}
}

@article{RN149,
   author = {Schirmer, M. and Ijaz, U. Z. and D'Amore, R. and Hall, N. and Sloan, W. T. and Quince, C.},
   title = {Insight into biases and sequencing errors for amplicon sequencing with the Illumina MiSeq platform},
   journal = {Nucleic Acids Res},
   volume = {43},
   number = {6},
   pages = {e37},
   ISSN = {1362-4962 (Electronic)
0305-1048 (Linking)},
   DOI = {10.1093/nar/gku1341},
   url = {https://www.ncbi.nlm.nih.gov/pubmed/25586220
https://www.ncbi.nlm.nih.gov/pmc/articles/PMC4381044/pdf/gku1341.pdf},
   year = {2015},
   type = {Journal Article}
}

@article{RN142,
   author = {Cibulskis, K. and Lawrence, M. S. and Carter, S. L. and Sivachenko, A. and Jaffe, D. and Sougnez, C. and Gabriel, S. and Meyerson, M. and Lander, E. S. and Getz, G.},
   title = {Sensitive detection of somatic point mutations in impure and heterogeneous cancer samples},
   journal = {Nat Biotechnol},
   volume = {31},
   number = {3},
   pages = {213-9},
   ISSN = {1546-1696 (Electronic)
1087-0156 (Linking)},
   DOI = {10.1038/nbt.2514},
   url = {https://www.ncbi.nlm.nih.gov/pubmed/23396013
http://www.nature.com/nbt/journal/v31/n3/pdf/nbt.2514.pdf},
   year = {2013},
   type = {Journal Article}
}

@article{RN146,
   author = {Larson, D. E. and Harris, C. C. and Chen, K. and Koboldt, D. C. and Abbott, T. E. and Dooling, D. J. and Ley, T. J. and Mardis, E. R. and Wilson, R. K. and Ding, L.},
   title = {SomaticSniper: identification of somatic point mutations in whole genome sequencing data},
   journal = {Bioinformatics},
   volume = {28},
   number = {3},
   pages = {311-7},
   ISSN = {1367-4811 (Electronic)
1367-4803 (Linking)},
   DOI = {10.1093/bioinformatics/btr665},
   url = {https://www.ncbi.nlm.nih.gov/pubmed/22155872
https://www.ncbi.nlm.nih.gov/pmc/articles/PMC3268238/pdf/btr665.pdf},
   year = {2012},
   type = {Journal Article}
}

@article{RN143,
   author = {Saunders, C. T. and Wong, W. S. and Swamy, S. and Becq, J. and Murray, L. J. and Cheetham, R. K.},
   title = {Strelka: accurate somatic small-variant calling from sequenced tumor-normal sample pairs},
   journal = {Bioinformatics},
   volume = {28},
   number = {14},
   pages = {1811-7},
   ISSN = {1367-4811 (Electronic)
1367-4803 (Linking)},
   DOI = {10.1093/bioinformatics/bts271},
   url = {https://www.ncbi.nlm.nih.gov/pubmed/22581179},
   year = {2012},
   type = {Journal Article}
}

@article{RN150,
   author = {Radenbaugh, A. J. and Ma, S. and Ewing, A. and Stuart, J. M. and Collisson, E. A. and Zhu, J. and Haussler, D.},
   title = {RADIA: RNA and DNA integrated analysis for somatic mutation detection},
   journal = {PLoS One},
   volume = {9},
   number = {11},
   pages = {e111516},
   ISSN = {1932-6203 (Electronic)
1932-6203 (Linking)},
   DOI = {10.1371/journal.pone.0111516},
   url = {https://www.ncbi.nlm.nih.gov/pubmed/25405470
https://www.ncbi.nlm.nih.gov/pmc/articles/PMC4236012/pdf/pone.0111516.pdf},
   year = {2014},
   type = {Journal Article}
}

@article{RN145,
   author = {Koboldt, D. C. and Zhang, Q. and Larson, D. E. and Shen, D. and McLellan, M. D. and Lin, L. and Miller, C. A. and Mardis, E. R. and Ding, L. and Wilson, R. K.},
   title = {VarScan 2: somatic mutation and copy number alteration discovery in cancer by exome sequencing},
   journal = {Genome Res},
   volume = {22},
   number = {3},
   pages = {568-76},
   ISSN = {1549-5469 (Electronic)
1088-9051 (Linking)},
   DOI = {10.1101/gr.129684.111},
   url = {https://www.ncbi.nlm.nih.gov/pubmed/22300766
https://www.ncbi.nlm.nih.gov/pmc/articles/PMC3290792/pdf/568.pdf},
   year = {2012},
   type = {Journal Article}
}

@article{RN27,
   author = {Wei, Q. and Zhan, X. and Zhong, X. and Liu, Y. and Han, Y. and Chen, W. and Li, B.},
   title = {A Bayesian framework for de novo mutation calling in parents-offspring trios},
   journal = {Bioinformatics},
   volume = {31},
   number = {9},
   pages = {1375-81},
   ISSN = {1367-4811 (Electronic)
1367-4803 (Linking)},
   DOI = {10.1093/bioinformatics/btu839},
   url = {https://www.ncbi.nlm.nih.gov/pubmed/25535243
https://www.ncbi.nlm.nih.gov/pmc/articles/PMC4410659/pdf/btu839.pdf},
   year = {2015},
   type = {Journal Article}
}

@article{RN152,
   author = {Deatherage, D. E. and Barrick, J. E.},
   title = {Identification of mutations in laboratory-evolved microbes from next-generation sequencing data using breseq},
   journal = {Methods Mol Biol},
   volume = {1151},
   pages = {165-88},
   ISSN = {1940-6029 (Electronic)
1064-3745 (Linking)},
   DOI = {10.1007/978-1-4939-0554-6_12},
   url = {https://www.ncbi.nlm.nih.gov/pubmed/24838886
https://www.ncbi.nlm.nih.gov/pmc/articles/PMC4239701/pdf/nihms641745.pdf},
   year = {2014},
   type = {Journal Article}
}

@article{RN153,
   author = {Zook, J. M. and Chapman, B. and Wang, J. and Mittelman, D. and Hofmann, O. and Hide, W. and Salit, M.},
   title = {Integrating human sequence data sets provides a resource of benchmark SNP and indel genotype calls},
   journal = {Nat Biotechnol},
   volume = {32},
   number = {3},
   pages = {246-51},
   ISSN = {1546-1696 (Electronic)
1087-0156 (Linking)},
   DOI = {10.1038/nbt.2835},
   url = {https://www.ncbi.nlm.nih.gov/pubmed/24531798
http://www.nature.com/nbt/journal/v32/n3/pdf/nbt.2835.pdf},
   year = {2014},
   type = {Journal Article}
}

@article{RN154,
   author = {Ruark, E. and Renwick, A. and Clarke, M. and Snape, K. and Ramsay, E. and Elliott, A. and Hanks, S. and Strydom, A. and Seal, S. and Rahman, N.},
   title = {The ICR142 NGS validation series: a resource for orthogonal assessment of NGS analysis},
   journal = {F1000Res},
   volume = {5},
   pages = {386},
   ISSN = {2046-1402 (Linking)},
   DOI = {10.12688/f1000research.8219.1},
   url = {https://www.ncbi.nlm.nih.gov/pubmed/27158454
https://www.ncbi.nlm.nih.gov/pmc/articles/PMC4857748/pdf/f1000research-5-8841.pdf},
   year = {2016},
   type = {Journal Article}
}

@article{RN155,
   author = {Alioto, T. S. and Buchhalter, I. and Derdak, S. and Hutter, B. and Eldridge, M. D. and Hovig, E. and Heisler, L. E. and Beck, T. A. and Simpson, J. T. and Tonon, L. and Sertier, A. S. and Patch, A. M. and Jager, N. and Ginsbach, P. and Drews, R. and Paramasivam, N. and Kabbe, R. and Chotewutmontri, S. and Diessl, N. and Previti, C. and Schmidt, S. and Brors, B. and Feuerbach, L. and Heinold, M. and Grobner, S. and Korshunov, A. and Tarpey, P. S. and Butler, A. P. and Hinton, J. and Jones, D. and Menzies, A. and Raine, K. and Shepherd, R. and Stebbings, L. and Teague, J. W. and Ribeca, P. and Giner, F. C. and Beltran, S. and Raineri, E. and Dabad, M. and Heath, S. C. and Gut, M. and Denroche, R. E. and Harding, N. J. and Yamaguchi, T. N. and Fujimoto, A. and Nakagawa, H. and Quesada, V. and Valdes-Mas, R. and Nakken, S. and Vodak, D. and Bower, L. and Lynch, A. G. and Anderson, C. L. and Waddell, N. and Pearson, J. V. and Grimmond, S. M. and Peto, M. and Spellman, P. and He, M. and Kandoth, C. and Lee, S. and Zhang, J. and Letourneau, L. and Ma, S. and Seth, S. and Torrents, D. and Xi, L. and Wheeler, D. A. and Lopez-Otin, C. and Campo, E. and Campbell, P. J. and Boutros, P. C. and Puente, X. S. and Gerhard, D. S. and Pfister, S. M. and McPherson, J. D. and Hudson, T. J. and Schlesner, M. and Lichter, P. and Eils, R. and Jones, D. T. and Gut, I. G.},
   title = {A comprehensive assessment of somatic mutation detection in cancer using whole-genome sequencing},
   journal = {Nat Commun},
   volume = {6},
   pages = {10001},
   ISSN = {2041-1723 (Electronic)
2041-1723 (Linking)},
   DOI = {10.1038/ncomms10001},
   url = {https://www.ncbi.nlm.nih.gov/pubmed/26647970
https://www.ncbi.nlm.nih.gov/pmc/articles/PMC4682041/pdf/ncomms10001.pdf},
   year = {2015},
   type = {Journal Article}
}

@article{RN147,
   author = {Ewing, A. D. and Houlahan, K. E. and Hu, Y. and Ellrott, K. and Caloian, C. and Yamaguchi, T. N. and Bare, J. C. and P'ng, C. and Waggott, D. and Sabelnykova, V. Y. and participants, Icgc-Tcga Dream Somatic Mutation Calling Challenge and Kellen, M. R. and Norman, T. C. and Haussler, D. and Friend, S. H. and Stolovitzky, G. and Margolin, A. A. and Stuart, J. M. and Boutros, P. C.},
   title = {Combining tumor genome simulation with crowdsourcing to benchmark somatic single-nucleotide-variant detection},
   journal = {Nat Methods},
   volume = {12},
   number = {7},
   pages = {623-30},
   ISSN = {1548-7105 (Electronic)
1548-7091 (Linking)},
   DOI = {10.1038/nmeth.3407},
   url = {https://www.ncbi.nlm.nih.gov/pubmed/25984700
http://www.nature.com/nmeth/journal/v12/n7/pdf/nmeth.3407.pdf},
   year = {2015},
   type = {Journal Article}
}

@article{RN156,
   author = {Nik-Zainal, S. and Davies, H. and Staaf, J. and Ramakrishna, M. and Glodzik, D. and Zou, X. and Martincorena, I. and Alexandrov, L. B. and Martin, S. and Wedge, D. C. and Van Loo, P. and Ju, Y. S. and Smid, M. and Brinkman, A. B. and Morganella, S. and Aure, M. R. and Lingjaerde, O. C. and Langerod, A. and Ringner, M. and Ahn, S. M. and Boyault, S. and Brock, J. E. and Broeks, A. and Butler, A. and Desmedt, C. and Dirix, L. and Dronov, S. and Fatima, A. and Foekens, J. A. and Gerstung, M. and Hooijer, G. K. and Jang, S. J. and Jones, D. R. and Kim, H. Y. and King, T. A. and Krishnamurthy, S. and Lee, H. J. and Lee, J. Y. and Li, Y. and McLaren, S. and Menzies, A. and Mustonen, V. and O'Meara, S. and Pauporte, I. and Pivot, X. and Purdie, C. A. and Raine, K. and Ramakrishnan, K. and Rodriguez-Gonzalez, F. G. and Romieu, G. and Sieuwerts, A. M. and Simpson, P. T. and Shepherd, R. and Stebbings, L. and Stefansson, O. A. and Teague, J. and Tommasi, S. and Treilleux, I. and Van den Eynden, G. G. and Vermeulen, P. and Vincent-Salomon, A. and Yates, L. and Caldas, C. and van't Veer, L. and Tutt, A. and Knappskog, S. and Tan, B. K. and Jonkers, J. and Borg, A. and Ueno, N. T. and Sotiriou, C. and Viari, A. and Futreal, P. A. and Campbell, P. J. and Span, P. N. and Van Laere, S. and Lakhani, S. R. and Eyfjord, J. E. and Thompson, A. M. and Birney, E. and Stunnenberg, H. G. and van de Vijver, M. J. and Martens, J. W. and Borresen-Dale, A. L. and Richardson, A. L. and Kong, G. and Thomas, G. and Stratton, M. R.},
   title = {Landscape of somatic mutations in 560 breast cancer whole-genome sequences},
   journal = {Nature},
   volume = {534},
   number = {7605},
   pages = {47-54},
   ISSN = {1476-4687 (Electronic)
0028-0836 (Linking)},
   DOI = {10.1038/nature17676},
   url = {https://www.ncbi.nlm.nih.gov/pubmed/27135926
http://www.nature.com/nature/journal/v534/n7605/pdf/nature17676.pdf},
   year = {2016},
   type = {Journal Article}
}

@article{RN29,
   author = {Conrad, D. F. and Keebler, J. E. and DePristo, M. A. and Lindsay, S. J. and Zhang, Y. and Casals, F. and Idaghdour, Y. and Hartl, C. L. and Torroja, C. and Garimella, K. V. and Zilversmit, M. and Cartwright, R. and Rouleau, G. A. and Daly, M. and Stone, E. A. and Hurles, M. E. and Awadalla, P. and Genomes, Project},
   title = {Variation in genome-wide mutation rates within and between human families},
   journal = {Nat Genet},
   volume = {43},
   number = {7},
   pages = {712-4},
   ISSN = {1546-1718 (Electronic)
1061-4036 (Linking)},
   DOI = {10.1038/ng.862},
   url = {https://www.ncbi.nlm.nih.gov/pubmed/21666693
http://www.nature.com/ng/journal/v43/n7/pdf/ng.862.pdf},
   year = {2011},
   type = {Journal Article}
}

@article{RN157,
   author = {Veltman, J. A. and Brunner, H. G.},
   title = {De novo mutations in human genetic disease},
   journal = {Nat Rev Genet},
   volume = {13},
   number = {8},
   pages = {565-75},
   ISSN = {1471-0064 (Electronic)
1471-0056 (Linking)},
   DOI = {10.1038/nrg3241},
   url = {https://www.ncbi.nlm.nih.gov/pubmed/22805709
http://www.nature.com/nrg/journal/v13/n8/pdf/nrg3241.pdf},
   year = {2012},
   type = {Journal Article}
}

@article{RN158,
   author = {Genome of the Netherlands, Consortium},
   title = {Whole-genome sequence variation, population structure and demographic history of the Dutch population},
   journal = {Nat Genet},
   volume = {46},
   number = {8},
   pages = {818-25},
   ISSN = {1546-1718 (Electronic)
1061-4036 (Linking)},
   DOI = {10.1038/ng.3021},
   url = {https://www.ncbi.nlm.nih.gov/pubmed/24974849
http://www.nature.com/ng/journal/v46/n8/pdf/ng.3021.pdf},
   year = {2014},
   type = {Journal Article}
}

@article{RN159,
   author = {Gilissen, C. and Hehir-Kwa, J. Y. and Thung, D. T. and van de Vorst, M. and van Bon, B. W. and Willemsen, M. H. and Kwint, M. and Janssen, I. M. and Hoischen, A. and Schenck, A. and Leach, R. and Klein, R. and Tearle, R. and Bo, T. and Pfundt, R. and Yntema, H. G. and de Vries, B. B. and Kleefstra, T. and Brunner, H. G. and Vissers, L. E. and Veltman, J. A.},
   title = {Genome sequencing identifies major causes of severe intellectual disability},
   journal = {Nature},
   volume = {511},
   number = {7509},
   pages = {344-7},
   ISSN = {1476-4687 (Electronic)
0028-0836 (Linking)},
   DOI = {10.1038/nature13394},
   url = {https://www.ncbi.nlm.nih.gov/pubmed/24896178
http://www.nature.com/nature/journal/v511/n7509/pdf/nature13394.pdf},
   year = {2014},
   type = {Journal Article}
}

@article{RN160,
   author = {Xu, B. and Ionita-Laza, I. and Roos, J. L. and Boone, B. and Woodrick, S. and Sun, Y. and Levy, S. and Gogos, J. A. and Karayiorgou, M.},
   title = {De novo gene mutations highlight patterns of genetic and neural complexity in schizophrenia},
   journal = {Nat Genet},
   volume = {44},
   number = {12},
   pages = {1365-9},
   ISSN = {1546-1718 (Electronic)
1061-4036 (Linking)},
   DOI = {10.1038/ng.2446},
   url = {https://www.ncbi.nlm.nih.gov/pubmed/23042115
http://www.nature.com/ng/journal/v44/n12/pdf/ng.2446.pdf},
   year = {2012},
   type = {Journal Article}
}

@article{RN6,
   author = {Kong, A. and Frigge, M. L. and Masson, G. and Besenbacher, S. and Sulem, P. and Magnusson, G. and Gudjonsson, S. A. and Sigurdsson, A. and Jonasdottir, A. and Jonasdottir, A. and Wong, W. S. and Sigurdsson, G. and Walters, G. B. and Steinberg, S. and Helgason, H. and Thorleifsson, G. and Gudbjartsson, D. F. and Helgason, A. and Magnusson, O. T. and Thorsteinsdottir, U. and Stefansson, K.},
   title = {Rate of de novo mutations and the importance of father's age to disease risk},
   journal = {Nature},
   volume = {488},
   number = {7412},
   pages = {471-5},
   ISSN = {1476-4687 (Electronic)
0028-0836 (Linking)},
   DOI = {10.1038/nature11396},
   url = {https://www.ncbi.nlm.nih.gov/pubmed/22914163
https://www.ncbi.nlm.nih.gov/pmc/articles/PMC3548427/pdf/nihms391279.pdf},
   year = {2012},
   type = {Journal Article}
}

@article{RN169,
   author = {Cleary, John G. and Braithwaite, Ross and Gaastra, Kurt and Hilbush, Brian S and Inglis, Stuart and Irvine, Sean A and Jackson, Alan and Littin, Richard and Rathod, Mehul and Ware, David and Zook, Justin M. and Trigg, Len and De La Vega, Francisco M.},
   title = {Comparing Variant Call Files for Performance Benchmarking of Next-Generation Sequencing Variant Calling Pipelines},
   journal = {bioRxiv},
   DOI = {10.1101/023754},
   url = {http://biorxiv.org/content/biorxiv/early/2015/08/03/023754.full.pdf},
   year = {2015},
   type = {Journal Article}
}

@article{RN161,
   author = {Smith, K. S. and Yadav, V. K. and Pei, S. and Pollyea, D. A. and Jordan, C. T. and De, S.},
   title = {SomVarIUS: somatic variant identification from unpaired tissue samples},
   journal = {Bioinformatics},
   volume = {32},
   number = {6},
   pages = {808-13},
   ISSN = {1367-4811 (Electronic)
1367-4803 (Linking)},
   DOI = {10.1093/bioinformatics/btv685},
   url = {https://www.ncbi.nlm.nih.gov/pubmed/26589277},
   year = {2016},
   type = {Journal Article}
}

@article{RN162,
   author = {Cornish, A. and Guda, C.},
   title = {A Comparison of Variant Calling Pipelines Using Genome in a Bottle as a Reference},
   journal = {Biomed Res Int},
   volume = {2015},
   pages = {456479},
   ISSN = {2314-6141 (Electronic)},
   DOI = {10.1155/2015/456479},
   url = {https://www.ncbi.nlm.nih.gov/pubmed/26539496
https://www.ncbi.nlm.nih.gov/pmc/articles/PMC4619817/pdf/BMRI2015-456479.pdf},
   year = {2015},
   type = {Journal Article}
}

@article{RN163,
   author = {Hwang, S. and Kim, E. and Lee, I. and Marcotte, E. M.},
   title = {Systematic comparison of variant calling pipelines using gold standard personal exome variants},
   journal = {Sci Rep},
   volume = {5},
   pages = {17875},
   ISSN = {2045-2322 (Electronic)
2045-2322 (Linking)},
   DOI = {10.1038/srep17875},
   url = {https://www.ncbi.nlm.nih.gov/pubmed/26639839
https://www.ncbi.nlm.nih.gov/pmc/articles/PMC4671096/pdf/srep17875.pdf},
   year = {2015},
   type = {Journal Article}
}

@article{RN539,
   author = {Li, Heng},
   title = {Aligning sequence reads, clone sequences and assembly contigs with BWA-MEM},
   journal = {bioRxiv},
   year = {2013},
   type = {Journal Article}
}

@article{RN164,
   author = {Langmead, B. and Salzberg, S. L.},
   title = {Fast gapped-read alignment with Bowtie 2},
   journal = {Nat Methods},
   volume = {9},
   number = {4},
   pages = {357-9},
   ISSN = {1548-7105 (Electronic)
1548-7091 (Linking)},
   DOI = {10.1038/nmeth.1923},
   url = {https://www.ncbi.nlm.nih.gov/pubmed/22388286
http://www.nature.com/nmeth/journal/v9/n4/pdf/nmeth.1923.pdf},
   year = {2012},
   type = {Journal Article}
}

@article{RN165,
   author = {Olson, N. D. and Lund, S. P. and Colman, R. E. and Foster, J. T. and Sahl, J. W. and Schupp, J. M. and Keim, P. and Morrow, J. B. and Salit, M. L. and Zook, J. M.},
   title = {Best practices for evaluating single nucleotide variant calling methods for microbial genomics},
   journal = {Front Genet},
   volume = {6},
   pages = {235},
   ISSN = {1664-8021 (Linking)},
   DOI = {10.3389/fgene.2015.00235},
   url = {https://www.ncbi.nlm.nih.gov/pubmed/26217378
https://www.ncbi.nlm.nih.gov/pmc/articles/PMC4493402/pdf/fgene-06-00235.pdf},
   year = {2015},
   type = {Journal Article}
}

@article{RN166,
   author = {Lo, Y. and Kang, H. M. and Nelson, M. R. and Othman, M. I. and Chissoe, S. L. and Ehm, M. G. and Abecasis, G. R. and Zollner, S.},
   title = {Comparing variant calling algorithms for target-exon sequencing in a large sample},
   journal = {BMC Bioinformatics},
   volume = {16},
   pages = {75},
   ISSN = {1471-2105 (Electronic)
1471-2105 (Linking)},
   DOI = {10.1186/s12859-015-0489-0},
   url = {https://www.ncbi.nlm.nih.gov/pubmed/25884587
https://www.ncbi.nlm.nih.gov/pmc/articles/PMC4359451/pdf/12859_2015_Article_489.pdf},
   year = {2015},
   type = {Journal Article}
}

@article{RN167,
   author = {Wang, M. and Lin, S.},
   title = {Detecting associations of rare variants with common diseases: collapsing or haplotyping?},
   journal = {Brief Bioinform},
   volume = {16},
   number = {5},
   pages = {759-68},
   ISSN = {1477-4054 (Electronic)
1467-5463 (Linking)},
   DOI = {10.1093/bib/bbu050},
   url = {https://www.ncbi.nlm.nih.gov/pubmed/25596401
https://www.ncbi.nlm.nih.gov/pmc/articles/PMC4570202/pdf/bbu050.pdf},
   year = {2015},
   type = {Journal Article}
}

@article{RN86,
   author = {Alexandrov, L. B. and Nik-Zainal, S. and Wedge, D. C. and Aparicio, S. A. and Behjati, S. and Biankin, A. V. and Bignell, G. R. and Bolli, N. and Borg, A. and Borresen-Dale, A. L. and Boyault, S. and Burkhardt, B. and Butler, A. P. and Caldas, C. and Davies, H. R. and Desmedt, C. and Eils, R. and Eyfjord, J. E. and Foekens, J. A. and Greaves, M. and Hosoda, F. and Hutter, B. and Ilicic, T. and Imbeaud, S. and Imielinski, M. and Jager, N. and Jones, D. T. and Jones, D. and Knappskog, S. and Kool, M. and Lakhani, S. R. and Lopez-Otin, C. and Martin, S. and Munshi, N. C. and Nakamura, H. and Northcott, P. A. and Pajic, M. and Papaemmanuil, E. and Paradiso, A. and Pearson, J. V. and Puente, X. S. and Raine, K. and Ramakrishna, M. and Richardson, A. L. and Richter, J. and Rosenstiel, P. and Schlesner, M. and Schumacher, T. N. and Span, P. N. and Teague, J. W. and Totoki, Y. and Tutt, A. N. and Valdes-Mas, R. and van Buuren, M. M. and van 't Veer, L. and Vincent-Salomon, A. and Waddell, N. and Yates, L. R. and Australian Pancreatic Cancer Genome, Initiative and Consortium, Icgc Breast Cancer and Consortium, Icgc Mmml- Seq and PedBrain, Icgc and Zucman-Rossi, J. and Futreal, P. A. and McDermott, U. and Lichter, P. and Meyerson, M. and Grimmond, S. M. and Siebert, R. and Campo, E. and Shibata, T. and Pfister, S. M. and Campbell, P. J. and Stratton, M. R.},
   title = {Signatures of mutational processes in human cancer},
   journal = {Nature},
   volume = {500},
   number = {7463},
   pages = {415-21},
   ISSN = {1476-4687 (Electronic)
0028-0836 (Linking)},
   DOI = {10.1038/nature12477},
   url = {https://www.ncbi.nlm.nih.gov/pubmed/23945592
http://www.nature.com/nature/journal/v500/n7463/pdf/nature12477.pdf},
   year = {2013},
   type = {Journal Article}
}
